@article{DBLP:journals/corr/abs-1803-05428,
  author    = {Adam Roberts and
               Jesse H. Engel and
               Colin Raffel and
               Curtis Hawthorne and
               Douglas Eck},
  title     = {A Hierarchical Latent Vector Model for Learning Long-Term Structure
               in Music},
  journal   = {CoRR},
  volume    = {abs/1803.05428},
  year      = {2018},
  url       = {http://arxiv.org/abs/1803.05428},
  archivePrefix = {arXiv},
  eprint    = {1803.05428},
  timestamp = {Mon, 22 Jul 2019 13:51:23 +0200},
  biburl    = {https://dblp.org/rec/bib/journals/corr/abs-1803-05428},
  bibsource = {dblp computer science bibliography, https://dblp.org}
}
@article{DBLP:journals/corr/abs-1905-06118,
  author    = {Jon Gillick and
               Adam Roberts and
               Jesse H. Engel and
               Douglas Eck and
               David Bamman},
  title     = {Learning to Groove with Inverse Sequence Transformations},
  journal   = {CoRR},
  volume    = {abs/1905.06118},
  year      = {2019},
  url       = {http://arxiv.org/abs/1905.06118},
  archivePrefix = {arXiv},
  eprint    = {1905.06118},
  timestamp = {Mon, 22 Jul 2019 13:51:23 +0200},
  biburl    = {https://dblp.org/rec/bib/journals/corr/abs-1905-06118},
  bibsource = {dblp computer science bibliography, https://dblp.org}
}
@misc{khan_2018, title={towardsdatascience.com}, url={https://towardsdatascience.com/generating-pokemon-inspired-music-from-neural-networks-bc240014132}, journal={towardsdatascience.com}, author={Khan, Abraham}, year={2018}, month={Dec}}
